Untuk setiap referensi, baris pertama (newton1687) merupakan label dan baris-baris berikutnya
merupakan atribut dari referensi yang akan digunakan. Umumnya, format referensi berikut sudah
disediakan oleh penyedia sumber referensi secara online dan bisa langsung ditaruh di sini.

Lihat https://www.bibtex.com/g/bibtex-format/ untuk informasi lebih lanjut mengenai format
BibTex yang digunakan pada file ini.


@article{aljabar2020,
title={BISINDO (Bahasa Isyarat Indonesia) Sign Language Recognition Using CNN and LSTM},
author={A. Aljabar and Suharjito Suharjito},
journal={Advances in Science, Technology and Engineering Systems Journal},
year={2020},
volume={5},
pages={282-287},
doi={10.25046/aj050535}
}

@article{borman2018,
  title={Implementasi Penerjemah Bahasa Isyarat Pada Bahasa Isyarat Indonesia (BISINDO) Dengan Metode Principal Component Analysis (PCA)},
  author={Borman, Rohmat Indra and Priyopradono, Bentar},
  journal={Jurnal Informatika: Jurnal Pengembangan IT},
  volume={3},
  number={1},
  pages={103--108},
  year={2018}
}

@online{colah2015,
  author = {Colah},
  title = {Understanding LSTM Networks},
  year = {2015},
  url = {https://colah.github.io/posts/2015-08-Understanding-LSTMs/},
  urldate = {2023-10-06},
  note = {Accessed: 6 October 2023},
  month = aug,
  day = 27
}

@article{evitasari2015,
  author = {Evitasari, I. A. G. S. and Widiasavitri, P. N. and Herdiyanto, Y. K.},
  title = {Proses penerimaan diri remaja tunarungu berprestasi},
  journal = {Jurnal Psikologi Udayana},
  year = {2015},
  volume = {2},
  number = {2},
  pages = {138--150}
}

@misc{googleMediapipe,
  author = {{Google Developers}},
  title = {MediaPipe},
  year = {2023},
  howpublished = {\url{https://developers.google.com/mediapipe}},
  note = {Accessed: 6 October 2023}
}


@article{handhika2018,
doi = {10.1088/1742-6596/1028/1/012173},
url = {https://dx.doi.org/10.1088/1742-6596/1028/1/012173},
year = {2018},
month = {5},
publisher = {IOP Publishing},
volume = {1028},
number = {1},
pages = {012173},
author = {T Handhika and R I M Zen and  Murni and D P Lestari and I Sari},
title = {Gesture recognition for Indonesian Sign Language (BISINDO)},
}

@article{lugaresi2019:,
title={MediaPipe: A Framework for Building Perception Pipelines},
author={C. Lugaresi and Jiuqiang Tang and Hadon Nash and C. McClanahan and Esha Uboweja and Michael Hays and Fan Zhang and Chuo-Ling Chang and M. Yong and Juhyun Lee and W. Chang and Wei Hua and Manfred Georg and Matthias Grundmann},
journal={ArXiv},
year={2019},
volume={abs/1906.08172},
doi={}
}

@mastersthesis{maulida2017,
  author = {Maulida, D. K.},
  title = {Bahasa isyarat Indonesia Di komunitas gerakan untuk kesejahteraan tunarungu Indonesia},
  school = {UIN Syarif Hidayatullah Jakarta: Fakultas Ilmu Dakwah dan Ilmu Komunikasi},
  year = {2017},
  type = {Bachelor's thesis}
}

@article{nur2023,
  title={PENGEMBANGAN APLIKASI PENERJEMAH BAHASA ISYARAT INDONESIA (BISINDO) MENGGUNAKAN METODE LONG-SHORT TERM MEMORY},
  author={Siti Nur and Aghisna Nur Assyifa and Habilah Nurjannah},
  journal={EDUSAINTEK: Jurnal Pendidikan, Sains dan Teknologi},
  year={2023},
  url={https://api.semanticscholar.org/CorpusID:261791942}
}

@misc{nvidiaJetsonNano,
  author = {{NVIDIA}},
  title = {Jetson Nano},
  year = {2023},
  howpublished = {\url{https://www.nvidia.com/en-us/autonomous-machines/embedded-systems/jetson-nano/}},
  note = {Accessed: 6 October 2023}
}

@article{mursita2015,
  title={RESPON TUNARUNGU TERHADAP PENGGUNAAN SISTEM BAHASA ISYARAT INDONESA (SIBI) DAN BAHASA ISYARAT INDONESIA (BISINDO) DALAM KOMUNIKASI},
  author={R. A. Mursita},
  journal={INKLUSI},
  volume={2},
  number={2},
  pages={221--232},
  year={2015},
  month={11}
}

@article{putri2022,
  author = {Putri, H. M. and Fadlisyah, F. and Fuadi, W.},
  title = {Pendeteksian Bahasa Isyarat Indonesia Secara Real-Time Menggunakan Long Short-Term Memory (LSTM)},
  journal = {Jurnal Teknologi Terapan and Sains 4.0},
  year = {2022},
  volume = {3},
  number = {1},
  pages = {663--675}
}

@inproceedings{sadli2020,
  author = {Sadli, M. and Fuadi, W. and Pahendra, I.},
  title = {Electrical Peak Load Forecasting Using Long Short Term Memory and Support Vector Machine},
  booktitle = {IOP Conference Series: Materials Science and Engineering},
  year = {2020},
  volume = {725},
  number = {1},
  pages = {012060},
  publisher = {IOP Publishing}
}

@book{hallahan2009,
  author = {Hallahan, D. P. and Kauffman, J. and Pullen, P.},
  title = {Exceptional Learners: An Introduction to Special Education},
  publisher = {Pearson},
  year = {2009},
  address = {USA}
}

@book{somantri2006,
  author = {Somantri, T. and Sutjihati},
  title = {Psikologi Anak Luar Biasa},
  publisher = {PT Refika Aditama},
  year = {2006},
  address = {Bandung}
}

@inproceedings{pienaar2019,
  author = {Pienaar, Schalk Wilhelm and Malekian, R.},
  title = {Human Activity Recognition using LSTM-RNN Deep Neural Network Architecture},
  booktitle = {2019 IEEE 2nd Wireless Africa Conference (WAC)},
  year = {2019},
  pages = {1--5},
  doi = {10.1109/AFRICA.2019.8843403}
}

@inproceedings{wedayanti2019,
  author = {Wedayanti, N. P. L.},
  title = {Teman Tuli Diantara SIBI dan BISINDO},
  booktitle = {Seminar Riset Linguistik Pengajaran Bahasa},
  year = {2019}
}

@book{winarsih2007,
  author = {Winarsih, Murni},
  title = {Intervensi Dini Bagi Anak Tunarungu dalam Pemerolehan Bahasa},
  publisher = {Departemen Pendidikan dan Kebudayaan},
  year = {2007},
  address = {Jakarta}
}

@article{xia2020,
  author={Xia, Kun and Huang, Jianguang and Wang, Hanyu},
  journal={IEEE Access}, 
  title={LSTM-CNN Architecture for Human Activity Recognition}, 
  year={2020},
  volume={8},
  number={},
  pages={56855-56866},
  doi={10.1109/ACCESS.2020.2982225}}


@article{van2020,
  title={A review on the long short-term memory model},
  author={Van Houdt, Greg and Mosquera, Carlos and N{\'a}poles, Gonzalo},
  journal={Artificial Intelligence Review},
  volume={53},
  pages={5929--5955},
  year={2020},
  publisher={Springer}
}

@article{Deng2016,
  author    = {Deng, X. and Liu, Q. and Deng, Y. and Mahadevan, S.},
  title     = {An improved method to construct basic probability assignment based on the confusion matrix for classification problem},
  journal   = {Information Sciences},
  volume    = {340-341},
  pages     = {250â€“261},
  year      = {2016},
  doi       = {10.1016/j.ins.2016.01.033},
}

@article{OvalleMagallanes2020,
  author    = {Ovalle-Magallanes, E. and Avina-Cervantes, J. G. and Cruz-Aceves, I. and Ruiz-Pinales, J.},
  title     = {Transfer learning for stenosis detection in x-ray coronary angiography},
  journal   = {Mathematics},
  volume    = {8},
  number    = {9},
  url       = {https://www.mdpi.com/2227-7390/8/9/1510},
  year      = {2020},
}

@inproceedings{Mutegeki2020,
  author    = {Mutegeki, Ronald and Han, D.},
  title     = {A CNN-LSTM Approach to Human Activity Recognition},
  booktitle = {2020 International Conference on Artificial Intelligence in Information and Communication (ICAIIC)},
  year      = {2020},
  pages     = {362-366},
  doi       = {10.1109/ICAIIC48513.2020.9065078},
}

@article{deng2016,
  title={An improved method to construct basic probability assignment based on the confusion matrix for classification problem},
  author={Deng, Xinyang and Liu, Qi and Deng, Yong and Mahadevan, Sankaran},
  journal={Information Sciences},
  volume={340},
  pages={250--261},
  year={2016},
  publisher={Elsevier}
}

@article{shajihan2020,
  title={Classification of stages of Diabetic Retinopathy using Deep Learning},
  author={Shajihan, Nimmisha},
  journal={Bournemouth University United Kingdom},
  year={2020}
}

@misc{minny2023,
	author = {Minny Head},
	title = {What Is Mini Pc},
	howpublished = {\url{https://robots.net/tech/what-is-mini-pc/}},
	year = {2023},
	note = {[Accessed 03-05-2024]},
}

@misc{IntelNUC2020,
  author = "{Intel Corporation}",
  title = "{Intel\textregistered~ NUC Kit DCCP847DYE Product Specifications}",
  howpublished = "\url{https://ark.intel.com}",
  year = 2020,
  note = "[Online; accessed 7-December-2020]"
}

@article{Halfacree2013,
  author = {Gareth Halfacree},
  title = {Intel's Next Unit of Computing},
  journal = {Custom PC},
  publisher = {Dennis Publishing},
  pages = {14--15},
  number = {116},
  month = mar,
  year = {2013}
}

@misc{ASUS2024,
  author = "{ASUS Corporation}",
  title = "{NUC 11 Performance Kit Technical Specifications}",
  howpublished = "\url{https://www.asus.com/displays-desktops/nucs/nuc-kits/nuc-11-performance-kit/techspec/}",
  note = "[Online; accessed 5-May-2024]",
  year = 2024
}



